@article {sicklinger2014IJNME,
    author = {Sicklinger, S. and Belsky, V. and Engelmann, B. and Elmqvist, H. and Olsson, H. and W\"uchner, R. and Bletzinger, K.-U.},
    title = {{Interface Jacobian-based Co-Simulation}},
    journal = {International Journal for Numerical Methods in Engineering},
    volume = {98},
    number = {6},
    issn = {1097-0207},
    doi = {10.1002/nme.4637},
    pages = {418--444},
    year = {2014},
}